<collection xmlns="http://www.loc.gov/MARC21/slim"><record><leader>00822nam  2200241   450</leader><controlfield tag="001">228</controlfield><controlfield tag="003">http://montalegre.opacnet.com/OPAC/default.aspx?ContentAreaControl=ShowRegHoldings.ascx&amp;RegNo=16662</controlfield><datafield tag="095" ind1=" " ind2=" "><subfield code="a">PTBN00093688</subfield></datafield><datafield tag="100" ind1=" " ind2=" "><subfield code="a">19580601d1958    m  y0pora0103    ba</subfield></datafield><datafield tag="101" ind1="1" ind2=" "><subfield code="a">por</subfield><subfield code="c">fre</subfield></datafield><datafield tag="102" ind1=" " ind2=" "><subfield code="a">PT</subfield></datafield><datafield tag="105" ind1=" " ind2=" "><subfield code="a">y   z   000ay</subfield></datafield><datafield tag="106" ind1=" " ind2=" "><subfield code="a">r</subfield></datafield><datafield tag="200" ind1="1" ind2=" "><subfield code="a">&lt;Os &gt;meninos diabólicos</subfield><subfield code="f">Jean Cocteau</subfield><subfield code="g">trad. e pref. João Gaspar Simões</subfield></datafield><datafield tag="205" ind1=" " ind2=" "><subfield code="a">3ª ed</subfield></datafield><datafield tag="210" ind1=" " ind2=" "><subfield code="a">Lisboa</subfield><subfield code="c">Inquérito</subfield><subfield code="d">[D.L. 1958]</subfield></datafield><datafield tag="215" ind1=" " ind2=" "><subfield code="a">223, [1] p.</subfield><subfield code="d">20 cm</subfield></datafield><datafield tag="225" ind1="2" ind2=" "><subfield code="a">&lt;Os &gt;melhores romances dos melhores romancistas</subfield></datafield><datafield tag="304" ind1=" " ind2=" "><subfield code="a">Tít. orig.: Les enfant terribles</subfield></datafield><datafield tag="675" ind1=" " ind2=" "><subfield code="a">821.133.1-31"19"</subfield><subfield code="v">BN</subfield><subfield code="z">por</subfield><subfield code="v">BN</subfield><subfield code="z">por</subfield><subfield code="3">704363</subfield></datafield><datafield tag="700" ind1=" " ind2="1"><subfield code="a">Cocteau</subfield><subfield code="b">Jean</subfield><subfield code="f">1889-1963</subfield><subfield code="3">48036</subfield></datafield><datafield tag="702" ind1=" " ind2="1"><subfield code="a">Simões</subfield><subfield code="b">João Gaspar</subfield><subfield code="f">1903-1987</subfield><subfield code="4">730</subfield><subfield code="3">36157</subfield></datafield><datafield tag="801" ind1=" " ind2="0"><subfield code="a">PT</subfield><subfield code="b">Biblioteca Municipal de Montalegre</subfield><subfield code="g">RPC</subfield></datafield><datafield tag="909" ind1="&#9;" ind2=" "><subfield code="a">1</subfield></datafield><datafield tag="966" ind1=" " ind2=" "><subfield code="a">0009138</subfield><subfield code="l">BMM</subfield><subfield code="s">SCG 821 COC men</subfield></datafield></record></collection>